<record><leader>00000cas a22000007a 4500</leader><controlfield tag="001">32335548</controlfield><controlfield tag="008">950419d19171917vauwr ne      0    0eng d</controlfield><datafield ind1=" " ind2=" " tag="010"><subfield code="a">sn 95079536 </subfield></datafield><datafield ind1=" " ind2=" " tag="040"><subfield code="a">NVK</subfield><subfield code="b">eng</subfield><subfield code="c">NVK</subfield><subfield code="d">OCL</subfield><subfield code="d">DLC</subfield><subfield code="d">OCLCQ</subfield><subfield code="d">IUL</subfield><subfield code="d">OCLCF</subfield><subfield code="d">OCL</subfield><subfield code="d">COO</subfield></datafield><datafield ind1="1" ind2=" " tag="029"><subfield code="a">AU@</subfield><subfield code="b">000011688332</subfield></datafield><datafield ind1=" " ind2=" " tag="042"><subfield code="a">msc</subfield></datafield><datafield ind1="0" ind2=" " tag="130"><subfield code="a">Trench and Camp (Camp Dix, N.J.)</subfield></datafield><datafield ind1="0" ind2="0" tag="245"><subfield code="a">Trench and Camp.</subfield></datafield><datafield ind1=" " ind2=" " tag="250"><subfield code="a">Camp Dix ed.</subfield></datafield><datafield ind1=" " ind2=" " tag="260"><subfield code="a">Wrightstown, N.J. :</subfield><subfield code="b">Trenton evening times,</subfield><subfield code="c">1917.</subfield></datafield><datafield ind1=" " ind2=" " tag="300"><subfield code="a">v.</subfield></datafield><datafield ind1=" " ind2=" " tag="310"><subfield code="a">Weekly</subfield></datafield><datafield ind1="0" ind2=" " tag="362"><subfield code="a">Vol. 1, no. 1 (Oct. 8, 1917)-</subfield></datafield><datafield ind1="1" ind2=" " tag="362"><subfield code="a">Ceased &lt;Nov. 1&gt;, 1917.</subfield></datafield><datafield ind1=" " ind2=" " tag="500"><subfield code="a">"Published weekly under the auspices of the Y.M.C.A. War Work Council."</subfield></datafield><datafield ind1=" " ind2="0" tag="651"><subfield code="a">Fort Dix (N.J.)</subfield><subfield code="v">Newspapers.</subfield></datafield><datafield ind1=" " ind2="0" tag="651"><subfield code="a">Wrightstown (N.J.)</subfield><subfield code="v">Newspapers.</subfield></datafield><datafield ind1=" " ind2="0" tag="651"><subfield code="a">United States</subfield><subfield code="x">Armed Forces</subfield><subfield code="z">New Jersey</subfield><subfield code="v">Newspapers.</subfield></datafield><datafield ind1=" " ind2="7" tag="650"><subfield code="a">Armed Forces.</subfield><subfield code="2">fast</subfield><subfield code="0">(OCoLC)fst00814586</subfield></datafield><datafield ind1=" " ind2="7" tag="651"><subfield code="a">New Jersey</subfield><subfield code="2">fast</subfield><subfield code="0">(OCoLC)fst01208379</subfield></datafield><datafield ind1=" " ind2="7" tag="651"><subfield code="a">New Jersey</subfield><subfield code="z">Fort Dix.</subfield><subfield code="2">fast</subfield><subfield code="0">(OCoLC)fst01230709</subfield></datafield><datafield ind1=" " ind2="7" tag="651"><subfield code="a">New Jersey</subfield><subfield code="z">Wrightstown.</subfield><subfield code="2">fast</subfield><subfield code="0">(OCoLC)fst01248218</subfield></datafield><datafield ind1=" " ind2="7" tag="651"><subfield code="a">United States.</subfield><subfield code="2">fast</subfield><subfield code="0">(OCoLC)fst01204155</subfield></datafield><datafield ind1=" " ind2="7" tag="655"><subfield code="a">Newspapers.</subfield><subfield code="2">fast</subfield><subfield code="0">(OCoLC)fst01423814</subfield></datafield><datafield ind1="2" ind2=" " tag="710"><subfield code="a">National War Work Council, Y.M.C.A. of the United States.</subfield></datafield><datafield ind1="1" ind2=" " tag="710"><subfield code="a">Camp Dix (N.J.)</subfield></datafield><datafield ind1=" " ind2=" " tag="752"><subfield code="a">United States</subfield><subfield code="b">New Jersey</subfield><subfield code="c">Burlington</subfield><subfield code="d">Fort Dix.</subfield></datafield><datafield ind1=" " ind2=" " tag="752"><subfield code="a">United States</subfield><subfield code="b">New Jersey</subfield><subfield code="c">Burlington</subfield><subfield code="d">Wrightstown.</subfield></datafield><datafield ind1=" " ind2=" " tag="752"><subfield code="a">United States</subfield><subfield code="b">New Jersey</subfield><subfield code="c">Mercer</subfield><subfield code="d">Trenton.</subfield></datafield><datafield ind1="0" ind2="0" tag="785"><subfield code="t">Camp Dix times</subfield><subfield code="w">(DLC)sn 85036088</subfield><subfield code="w">(OCoLC)13786735</subfield></datafield></record>